%% This BibTeX bibliography file was created using BibDesk.
%% http://bibdesk.sourceforge.net/


%% Created for Jan at 2014-04-27 19:00:04 +0200 


%% Saved with string encoding Unicode (UTF-8) 



@webpage{vermeersch2014,
	Author = {Vermeersch, Ruben},
	Date-Added = {2014-04-27 16:56:07 +0000},
	Date-Modified = {2014-04-27 17:00:04 +0000},
	Note = {last checked on 23/04/2014},
	Title = {Testing with Angular.JS Testing with Angular.JS},
	Url = {http://savanne.be/articles/testing-with-angular-js/},
	Year = {2014}}

@webpage{niemla2013testing,
	Author = {Niemel{\"a}, Matias},
	Date-Added = {2014-04-27 15:46:03 +0000},
	Date-Modified = {2014-04-27 15:47:07 +0000},
	Note = {last checked on 21/04/2014},
	Title = {Full-Spectrum Testing with AngularJS and Karma},
	Url = {http://www.yearofmoo.com/2013/01/full-spectrum-testing-with-angularjs-and-karma.html},
	Year = {2013}}

@book{lerner2013ngbook,
	Author = {Ari Lerner},
	Date-Added = {2014-04-25 14:54:23 +0000},
	Date-Modified = {2014-04-25 14:54:23 +0000},
	Publisher = {Fullstack io},
	Title = {ng-book - The Complete Book on AngularJS},
	Year = {2013}}

@webpage{fowler04mvvm,
	Author = {Fowler, Martin},
	Date-Added = {2014-04-21 19:05:39 +0000},
	Date-Modified = {2014-04-21 19:06:09 +0000},
	Lastchecked = {21/04/2014},
	Note = {last checked on 21/04/2014},
	Title = {Presentation Model},
	Url = {http://martinfowler.com/eaaDev/PresentationModel.html},
	Year = {2004},
	Bdsk-Url-1 = {http://martinfowler.com/eaaDev/PresentationModel.html}}

@webpage{minar2012mvvm,
	Author = {Minar, Igor},
	Date-Added = {2014-04-21 17:16:55 +0000},
	Date-Modified = {2014-04-21 17:17:28 +0000},
	Lastchecked = {21/04/2014},
	Note = {last checked on 21/04/2014},
	Title = {MVC vs MVVM vs MVP},
	Url = {https://plus.google.com/+IgorMinar/posts/DRUAkZmXjNV},
	Year = {2012},
	Bdsk-Url-1 = {https://plus.google.com/+IgorMinar/posts/DRUAkZmXjNV}}

@webpage{sanderson2012rich,
	Author = {Sanderson, Steven},
	Date-Added = {2014-04-21 10:58:04 +0000},
	Date-Modified = {2014-04-21 10:59:19 +0000},
	Lastchecked = {21/04/2014},
	Note = {last checked on 21/04/2014},
	Title = {Rich JavaScript Applications -- the Seven Frameworks (Throne of JS, 2012)},
	Url = {http://blog.stevensanderson.com/2012/08/01/rich-javascript-applications-the-seven-frameworks-throne-of-js-2012/},
	Year = {2012},
	Bdsk-Url-1 = {http://blog.stevensanderson.com/2012/08/01/rich-javascript-applications-the-seven-frameworks-throne-of-js-2012/}}
